% This file was created with JabRef 2.9.2.
% Encoding: utf8

@MISC{solid_modelling,
  title = {What is Solid Modeling? 3D CAD Software. Applications of Solid Modeling [Электронный ресурс]},
  howpublished = {Электронные данные},
  note = {Режим доступа: \text{https://www.brighthubengineering.com/cad-autocad-reviews-tips}. --- Дата
	доступа: 03.03.2018},
  owner = {mstyura},
  timestamp = {03.03.2018}
}